<record><leader>00000cas a22000007a 4500</leader><controlfield tag="001">2252774</controlfield><controlfield tag="008">760620d19021942nduwr ne      0    0eng d</controlfield><datafield ind1=" " ind2=" " tag="010"><subfield code="a">sn 89074317 </subfield></datafield><datafield ind1=" " ind2=" " tag="040"><subfield code="a">MUL</subfield><subfield code="b">eng</subfield><subfield code="c">MUL</subfield><subfield code="d">NOP</subfield><subfield code="d">OCLCQ</subfield></datafield><datafield ind1="0" ind2=" " tag="041"><subfield code="a">engger</subfield></datafield><datafield ind1=" " ind2=" " tag="042"><subfield code="a">msc</subfield></datafield><datafield ind1="0" ind2="4" tag="245"><subfield code="a">The Glen Ullin news.</subfield></datafield><datafield ind1=" " ind2=" " tag="260"><subfield code="a">Glen Ullin, Morton County, N.D. :</subfield><subfield code="b">Wallace R. Hall</subfield></datafield><datafield ind1=" " ind2=" " tag="300"><subfield code="a">40 v. :</subfield><subfield code="b">ill. ;</subfield><subfield code="c">49-57 cm.</subfield></datafield><datafield ind1=" " ind2=" " tag="310"><subfield code="a">Weekly</subfield></datafield><datafield ind1="1" ind2=" " tag="362"><subfield code="a">Began Dec. 29, 1902.</subfield></datafield><datafield ind1="0" ind2=" " tag="362"><subfield code="a">-v. 40, no. 52 (Dec. 31, 1942).</subfield></datafield><datafield ind1=" " ind2=" " tag="500"><subfield code="a">Official Paper: Morton County, 1904-1906; Morton County and Glen Ullin, 1916; Glen Ullin, 1917-1921.</subfield></datafield><datafield ind1=" " ind2=" " tag="530"><subfield code="a">Available on microfilm from the State Historical Society of North Dakota.</subfield></datafield><datafield ind1=" " ind2=" " tag="546"><subfield code="a">Some columns in German.</subfield></datafield><datafield ind1=" " ind2=" " tag="588"><subfield code="a">Description based on: Vol. 1, no. 9 (Feb. 20, 1903).</subfield></datafield><datafield ind1=" " ind2=" " tag="752"><subfield code="a">United States</subfield><subfield code="b">North Dakota</subfield><subfield code="c">Morton</subfield><subfield code="d">Glen Ullin.</subfield></datafield><datafield ind1="0" ind2="4" tag="785"><subfield code="t">Morton County news</subfield><subfield code="w">(DLC)sn 89074318</subfield></datafield><datafield ind1="1" ind2=" " tag="029"><subfield code="a">AU@</subfield><subfield code="b">000025873838</subfield></datafield></record>